%% This BibTeX bibliography file was created using BibDesk.
%% http://bibdesk.sourceforge.net/


%% Created for Till J. Ernst at 2013-02-07 22:47:45 +0100 


%% Saved with string encoding Unicode (UTF-8) 



@book{Jung:1972,
	Address = {D{\"u}sseldorf und Z{\"u}rich},
	Author = {C. G. Jung},
	Date-Added = {2013-02-07 21:17:19 +0000},
	Date-Modified = {2013-02-07 21:22:38 +0000},
	Edition = {6},
	Publisher = {Walter Verlag},
	Title = {{{\"U}ber die Entwicklung der Pers{\"o}nlichkeit}},
	Volume = {17},
	Year = {1972}}

@book{Freud:1900,
	Address = {Leipzig und Wien},
	Author = {Freud, S.},
	Date-Added = {2013-02-07 18:46:06 +0000},
	Date-Modified = {2013-02-07 18:47:10 +0000},
	Publisher = {Deuticke},
	Title = {{Die Traumdeutung}},
	Year = {1900}}

@misc{Stuessi:2013,
	Author = {Franziska St{\"u}ssi-Schmid},
	Date-Added = {2013-02-05 21:08:12 +0000},
	Date-Modified = {2013-02-05 21:21:51 +0000},
	Howpublished = {{Unpublished manuscript, PS 3.3 Analytische Psychologie, Departement Angewandte Psychologie, Z{\"u}rcher Hochschule f{\"u}r Angewandte Wissenschaften, Z{\"u}rich, Schweiz}},
	Month = {Januar},
	Title = {{Der Traum}},
	Year = {2013}}

@incollection{Frey:1977,
	Address = {Z{\"u}rich},
	Author = {C. T. Frey-Wehrlin},
	Booktitle = {{Psychologie des 20. Jahrhunderts}},
	Date-Added = {2013-02-05 20:56:01 +0000},
	Date-Modified = {2013-02-07 17:32:08 +0000},
	Pages = {37-44},
	Publisher = {Kindler},
	Title = {{Die Analytische (Komplexe) Psychologie Jungs}},
	Volume = {3},
	Year = {1977}}

@book{Roth:2011,
	Address = {Ostfildern},
	Author = {Wolfgang Roth},
	Date-Added = {2013-02-05 19:54:21 +0000},
	Date-Modified = {2013-02-07 17:29:56 +0000},
	Edition = {2},
	Pages = {229-251},
	Publisher = {Patmos Verlag},
	Title = {{C.G. Jung verstehen. Grundlagen der Analytischen Psychologie}},
	Year = {2011}}
